<?xml version="1.0" encoding="UTF-8"?><record xmlns="http://www.loc.gov/MARC21/slim" xmlns:cinclude="http://apache.org/cocoon/include/1.0" xmlns:zs="http://www.loc.gov/zing/srw/">
  <leader>00659cz  a2200133n  4500</leader>
  <controlfield tag="001">n  88163967 </controlfield>
  <controlfield tag="003">DLC</controlfield>
  <controlfield tag="005">20120808082916.0</controlfield>
  <controlfield tag="008">890227n| acannaab           |n ana      </controlfield>
  <datafield tag="010" ind1=" " ind2=" ">
    <subfield code="a">n  88163967 </subfield>
  </datafield>
  <datafield tag="040" ind1=" " ind2=" ">
    <subfield code="a">DLC</subfield>
    <subfield code="b">eng</subfield>
    <subfield code="c">DLC</subfield>
    <subfield code="d">DLC</subfield>
  </datafield>
  <datafield tag="111" ind1="2" ind2=" ">
    <subfield code="a">Forum on the Regional Transportation System</subfield>
    <subfield code="d">(1986 :</subfield>
    <subfield code="c">Research Foundation of the City University of New York)</subfield>
  </datafield>
  <datafield tag="667" ind1=" " ind2=" ">
    <subfield code="a">THIS 1XX FIELD CANNOT BE USED UNDER RDA UNTIL THIS RECORD HAS BEEN REVIEWED AND/OR UPDATED</subfield>
  </datafield>
  <datafield tag="670" ind1=" " ind2=" ">
    <subfield code="a">Its Forum on the Regional Transportation System, c1987:</subfield>
    <subfield code="b">t.p. (Forum on the Regional Transportation System) p. ii, etc. (held Oct. 14, 1986; Research Foundation of the City University of New York)</subfield>
  </datafield>
</record>